% DEEL EEN
% what is it
@inbook{getal_en_ruimte,
	author = {Reichard, L.A.},
	title = {Complexe getallen},
	booktitle = {Getal en ruimte  wiskunde-d vwo},
	date = {2015/..},
	keywords = {wat_is_het}
}

% TOEPASSINGSGEBIEDEN
@online{motl,
	author = {Motl, Luboš},
	title = {Why complex numbers are fundamental in physics},
	date = {2010-08-31},
	url = {https://motls.blogspot.nl/2010/08/why-complex-numbers-are-fundamental-in.html},
	keywords = {toepassingsgebieden}
}

@online{harish,
	author = {Harish, Krishna},
	title = {What are the applications of complex numbers},
	date = {2013-11-16},
	url = {https://www.quora.com/What-are-the-applications-of-complex-numbers?},
	note = {Een reactie op de vraag.},
	keywords = {toepassingsgebieden}
}

@misc{ complex_numbers,
    author = "Wikipedia-bijdragers",
    title = "Complex number --- Wikipedia{,} de vrije encyclopedie",
    year = "2018",
    url = "https://en.wikipedia.org/w/index.php?title=Complex_number&oldid=823171332",
    note = "Sectie over toepassingen",
    keywords = {toepassingsgebieden}
}

@report{complexegetallenleiden,
	author = {Evertse, Jan-Hendrik},
	title = {Tutorial on Fourier Theory},
	type = {Dictaat},
	institution = {Mathematical Institute, Universiteit Leiden},
	date = {1982/..},
	url = {http://pub.math.leidenuniv.nl/~evertsejh/dictaat_complexe_getallen.pdf},
	keywords = {toepassingsgebieden}
}

@report{nogmeergetallen,
	author = {De kerngroep Wiskunde D Eindhoven},
	title = {Wat? Nog meer getallen!},
	subtitle = {Complexe getallen en toepassingen},
	type = {Boek},
	institution = {Faculteit Wiskunde en Informatica, Technische Universiteit Eindhoven},
	date = {2007-06},
	url = {http://www.win.tue.nl/wiskunded/files/public/Complexe_getallen/complex-2007-06.2s.pdf},
	keywords = {toepassingsgebieden}
}

@report{cgetallenincontext,
	author = {van Gendt, H.},
	title = {Complexe getallen in context},
	subtitle = {voor wiskunde D (5 VWO)},
	type = {Boek},
	institution = {cTWO},
	date = {2006-11},
	url = {http://www.fi.uu.nl/ctwo/WiskundeD/MateriaalDomeinenWiskundeD/ComplexeGetallenVwo/docs/Module%20Complexe%20getallen%20in%20Context%2023%20nov%202006.pdf?%20target=blank?%20target=blank},
	keywords = {toepassingsgebieden}
}

% DEEL TWEE
% SIGNAALANALYSE
@misc{ jf,
    author = "Wikipedia-bijdragers",
    title = "Joseph Fourier --- Wikipedia{,} de vrije encyclopedie",
    year = "2018",
    url = "https://en.wikipedia.org/w/index.php?title=Joseph_Fourier&oldid=825833998",
    keywords = {sign}
}

@online{cox,
	author = {Cox, William},
	title = {Timeseries Data Superpowers: Intuitive Understanding of FIR Filtering and Fourier Transforms},
	date = {2014-07-22},
	url = {https://conferences.oreilly.com/oscon/oscon2014/public/schedule/detail/34164},
	keywords = {sign}
}

@misc{ fd,
    author = "Wikipedia-bijdragers",
    title = "Frequency domain --- Wikipedia{,} de vrije encyclopedie",
    year = "2017",
    url = "https://en.wikipedia.org/w/index.php?title=Frequency_domain&oldid=763526705",
    keywords = {sign}
  }

@misc{fs,
    author = "Wikipedia-bijdragers",
    title = "Fourier series --- Wikipedia{,} de vrije encyclopedie",
    year = "2018",
    url = "https://en.wikipedia.org/w/index.php?title=Fourier_series&oldid=823813712",
    keywords = {sign}
  }

@report{yy,
	author = {Yoo, Yerin},
	title = {Tutorial on Fourier Theory},
	type = {Student tutorial},
	institution = {Department of Computer Science, University of Otago},
	date = {2001-03},
	url = {http://www.cs.otago.ac.nz/cosc453/student_tutorials/fourier_analysis.pdf},
	keywords = {sign}
}
 
@report{sr,
	author = {Roberts, Stephen},
	title = {The Discrete Fourier Transform},
	type = {Lecture},
	institution = {Department of Engineering Science, University of Oxford},
	date = {2003/..},
	url = {http://www.robots.ox.ac.uk/~sjrob/Teaching/SP/l7.pdf},
	keywords = {sign}
}

@misc{ fft,
    author = "Wikipedia-bijdragers",
    title = "Fast Fourier transform --- Wikipedia{,} de vrije encyclopedie",
    year = "2018",
    url = "https://en.wikipedia.org/w/index.php?title=Fast_Fourier_transform&oldid=819841466",
    keywords = {sign}
}

@online{shazam,
	author = {Jovanovic, Jovan},
	title = {How does Shazam work? Music Recognition Algorithms, Fingerprinting, and Processing},
	year = 2015,
	url = {https://www.toptal.com/algorithms/shazam-it-music-processing-fingerprinting-and-recognition},
	keywords = {sign}
}

@report{fc,
	author = {Clauwens, Franc},
	title = {Voorbeelden en toepassingen van de Fourier transformatie},
	type = {Les},
	institution = {Faculteit der Natuurwetenschappen, Wiskunde en Informatica, Radboud Universiteit},
	date = {2007/2008},
	url = {http://www.math.ru.nl/~clauwe/BKI316/Les9.pdf},
	keywords = {sign}
}

@online{jg,
	author = {Graham, James R.},
	title = {Fourier Transforms \& the Frequency Domain},
	date = {1999-07-02},
	url = {http://w.astro.berkeley.edu/~jrg/ngst/fft/fourier.html},
	keywords = {sign}
}

@online{in,
	author = {NPTEL},
	title = {Real Life Applications},
	date = {2009-12-31},
	url = {http://nptel.ac.in/courses/117101055/42},
	keywords = {sign}
}

@online{gp,
	author = {Pytel, Grzegorz},
	title = {Fourier Transform and its applications},
	date = {2011-04-14},
	url = {https://cadcammodelling.wordpress.com/2011/04/14/fourier-transform-and-its-applications/},
	keywords = {sign}
}

@misc{ int,
	author = "Wikipedia-bijdragers",
   	title = "Integraalrekening --- Wikipedia{,} de vrije encyclopedie",
   	year = "2017",
   	url = "//nl.wikipedia.org/w/index.php?title=Integraalrekening&oldid=50619718",
   	keywords = {sign}
}

@misc{ mat,
	author = "Wikipedia-bijdragers",
   	title = "Matrix (wiskunde) --- Wikipedia{,} de vrije encyclopedie",
   	year = "2018",
   	url = "//nl.wikipedia.org/w/index.php?title=Matrix_(wiskunde)&oldid=50822901",
   	keywords = {sign}
}

@misc{ som,
	author = "Wikipedia-bijdragers",
   	title = "Sommatie --- Wikipedia{,} de vrije encyclopedie",
   	year = "2017",
   	url = "//nl.wikipedia.org/w/index.php?title=Sommatie&oldid=50019559",
   	keywords = {sign}
}

% KWANTUMSHIZZLE
@misc{ schr,
    author = "Wikipedia-bijdragers",
    title = "Erwin Schrödinger --- Wikipedia{,} de vrije encyclopedie",
    year = "2017",
    url = "https://en.wikipedia.org/w/index.php?title=Erwin_Schr%C3%B6dinger&oldid=817376166",
    keywords = {schr}
}

@online{fee,
	author = {Khan Academy},
	title = {Photoelectric effect},
	year = 2016,
	url = {https://www.khanacademy.org/science/physics/quantum-physics/photons/a/photoelectric-effect},
	keywords = {schr}
}

@misc{ kopenhagen,
    author = "Wikipedia-bijdragers",
    title = "Copenhagen interpretation --- Wikipedia{,} de vrije encyclopedie",
    year = "2018",
    url = "https://en.wikipedia.org/w/index.php?title=Copenhagen_interpretation&oldid=822488625",
    keywords = {schr}
}

@misc{ superposition,
    author = "Wikipedia-bijdragers",
    title = "Quantum superposition --- Wikipedia{,} de vrije encyclopedie",
    year = "2018",
    url = "https://en.wikipedia.org/w/index.php?title=Quantum_superposition&oldid=822501600",
    keywords = {schr}
}

@misc{ schrcat,
    author = "Wikipedia-bijdragers",
    title = "Schrödinger's cat --- Wikipedia{,} de vrije encyclopedie",
    year = "2018",
    url = "https://en.wikipedia.org/w/index.php?title=Schr%C3%B6dinger%27s_cat&oldid=825424013",
    keywords = {schr}
}

@online{wavefunction,
	author = {Khan Academy},
	title = {Quantum Wavefunction},
	date = {2016-06-05},
	url = {https://www.khanacademy.org/science/physics/quantum-physics/atoms-and-electrons/v/quantum-wavefunction},
	keywords = {schr}
}

@online{whatsitmean,
	author = {Freiberger, Marianne},
	title = {Schrödinger's equation — what does it mean?},
	date = {2012-08-02},
	url = {https://plus.maths.org/content/schrodingers-equation-what-does-it-mean},
	keywords = {schr}
}

@online{whatsit,
	author = {Freiberger, Marianne},
	title = {Schrödinger's equation — what is it?},
	date = {2012-08-02},
	url = {https://plus.maths.org/content/schrodinger-1},
	keywords = {schr}
}

@misc{ schrvgl,
    author = "Wikipedia-bijdragers",
    title = "Schrödinger equation --- Wikipedia{,} de vrije encyclopedie",
    year = "2018",
    url = "https://en.wikipedia.org/w/index.php?title=Schr%C3%B6dinger_equation&oldid=825953511",
    keywords = {schr}
}

@misc{ hamop,
    author = "Wikipedia-bijdragers",
    title = "Hamiltonian (quantum mechanics) --- Wikipedia{,} de vrije encyclopedie",
    year = "2017",
    url = "https://en.wikipedia.org/w/index.php?title=Hamiltonian_(quantum_mechanics)&oldid=810164686",
    keywords = {schr}
}

@online{inaction,
	author = {Freiberger, Marianne},
	title = {Schrödinger's equation — in action},
	date = {2012-08-02},
	url = {https://plus.maths.org/content/schrodingers-equation-action},
	keywords = {schr}
}

% FRACTALS
@online{opdebeurs,
	author = {NEMO Kennislink},
	title = {Fractals op de beurs},
	date = {1998-05-30},
	url = {https://www.nemokennislink.nl/publicaties/fractals-op-de-beurs/},
	keywords = {frac}
}

@online{fracnuttig,
	author = {Kraaijvanger, Tim},
	title = {Wat zijn fractals? En zijn ze nuttig?},
	date = {2010-10-19},
	url = {https://www.scientias.nl/wat-zijn-fractals-en-zijn-ze-nuttig/},
	keywords = {frac}
}

@online{whatarefrac,
	author = {Fractal Foundation},
	title = {What are Fractals?},
	date = {2012/..},
	url = {http://fractalfoundation.org/resources/what-are-fractals/},
	keywords = {frac}
}

@online{fraccomplexegetallen,
	author = {Stuif-bijdragers},
	title = {Complexe getallen},
	date = {/..},
	url = {http://www.stuif.com/fractals/fractal7.html},
	keywords = {frac}
}

@online{fracmachine,
	author = {Disseldorp, Nico},
	title = {NICO'S FRACTAL MACHINE},
	date = {2013-02-25},
	url = {https://sciencevsmagic.net/fractal/#0900,0865,5,3,0,1,2},
	keywords = {frac}
}

@online{deterchaos,
	author = {Val, John},
	title = {Wat is deterministische chaos?},
	date = {1961/..},
	url = {http://www.johnval.nl/differentiaalvergelijkingen/html/7_1_1chaos.html},
	keywords = {frac}
}

@online{fractoepassingen,
	author = {van Gompel, Yannick},
	title = {Praktische toepassingen van fractalen},
	date = {2004-05-06},
	url = {http://users.skynet.be/tomyke/wiskunde/toepassingen.html},
	keywords = {frac}
}

@misc{mandelbrot,
	author = "Wikipedia-bijdragers",
   	title = "Mandelbrotverzameling --- Wikipedia{,} de vrije encyclopedie",
   	year = "2017",
   	url = "//nl.wikipedia.org/w/index.php?title=Mandelbrotverzameling&oldid=50550825",
   	keywords = {frac}
}

@misc{ thunder,
	author = "Wikipedia-bijdragers",
   	title = "Een geluid als van onweer --- Wikipedia{,} de vrije encyclopedie",
   	year = "2016",
   	url = "//nl.wikipedia.org/w/index.php?title=Een_geluid_als_van_onweer&oldid=47347020",
   	keywords = {frac}
}

% CONCLUSIE
@online{jo,
	author = {van den Brand, Jo},
	title = {Complexe schrijfwijze van de Fourierreeks},
	date = {2004-09-25},
	url = {https://www.nikhef.nl/~jo/quantum/qm/website/hovo2004/node19.html},
	keywords = {conc}
}